@inproceedings{gotoconf,
  title =        {Serverless Computing: Economic and Architectural Impact},
  author =       {Adzic, Gojko and Chatley, Chatley},
  booktitle =    {The ACM Joint European Software Engineering Conference
                  and Symposium on the Foundations of Software Engineering
                  2017 (ESEC/FSEâ€™17)},
  keywords =     {Serverless, Cloud Computing, Economics},
  year =         {2017},
}
@inproceedings{containers,
  title =        {Virtualization vs. Containerization},
  author =       { Antonia Pollock},
  booktitle =    {https://www.liquidweb.com/kb/virtualization-vs-containerization/},
  keywords =     {Containerization, Containers, Framework, Hybrid, Hypervisor, Ubuntu, Virtual Machines, Virtualization, VM}
  year =         {2019},